<?xml version="1.0" encoding="UTF-8"?><collection xmlns="http://www.loc.gov/MARC21/slim"><record><leader>00464nam--2200145-i-4500</leader><controlfield tag="001">000044906</controlfield><controlfield tag="002">20161230</controlfield><controlfield tag="005">20161230201044</controlfield><controlfield tag="008">060222s1000------------r-----000-0-eng-d</controlfield><datafield ind1=" " ind2=" " tag="080"><subfield code="a">621.37.029.6:621.3.029.6</subfield></datafield><datafield ind1=" " ind2=" " tag="100"><subfield code="a">Thourel, Leo</subfield></datafield><datafield ind1=" " ind2=" " tag="245"><subfield code="a">Dispositifs a ferrites pour micro-ondes</subfield></datafield><datafield ind1=" " ind2=" " tag="260"><subfield code="a">Paris, Masson Et C-ie, Editeurs, 1969, V + 219p</subfield></datafield><datafield ind1=" " ind2=" " tag="490"><subfield code="a">Monographs D`Electronique Publiees Sous La Direction De Maurice Ponte Et Pierre Grivet</subfield></datafield><datafield ind1=" " ind2=" " tag="852"><subfield code="a">35734</subfield></datafield></record></collection>